@incollection{Yices2,
	year={2014},
	isbn={978-3-319-08866-2},
	booktitle={Computer Aided Verification},
	volume={8559},
	series={Lecture Notes in Computer Science},
	editor={Biere, Armin and Bloem, Roderick},
	doi={10.1007/978-3-319-08867-9_49},
	title={Yices 2.2},
	url={http://dx.doi.org/10.1007/978-3-319-08867-9_49},
	publisher={Springer International Publishing},
	author={Dutertre, Bruno},
	pages={737-744},
	language={English}
}

@incollection{TutorialonSMT,
	year={2007},
	isbn={978-3-540-73367-6},
	booktitle={Computer Aided Verification},
	volume={4590},
	series={Lecture Notes in Computer Science},
	editor={Damm, Werner and Hermanns, Holger},
	doi={10.1007/978-3-540-73368-3_5},
	title={A Tutorial on Satisfiability Modulo Theories},
	url={http://dx.doi.org/10.1007/978-3-540-73368-3_5},
	publisher={Springer Berlin Heidelberg},
	author={de Moura, Leonardo and Dutertre, Bruno and Shankar, Natarajan},
	pages={20-36},
	language={English}
}

@incollection{Z3,
	year={2008},
	isbn={978-3-540-78799-0},
	booktitle={Tools and Algorithms for the Construction and Analysis of Systems},
	volume={4963},
	series={Lecture Notes in Computer Science},
	editor={Ramakrishnan, C.R. and Rehof, Jakob},
	doi={10.1007/978-3-540-78800-3_24},
	title={Z3: An Efficient SMT Solver},
	url={http://dx.doi.org/10.1007/978-3-540-78800-3_24},
	publisher={Springer Berlin Heidelberg},
	author={de Moura, Leonardo and Bjørner, Nikolaj},
	pages={337-340},
	language={English}
}

@article{Vampire,
	author = {Dragan, Ioan and Korovin, Konstantin and Kov{\'a}cs, Laura and Voronkov, Andrei},
	title = {{Bound Propagation for Arithmetic Reasoning in Vampire.}},
	journal = {SYNASC},
	year = {2013},
	pages = {169--176}
}

@article{WhenMet,
	author = {Blair, W and Ghalili, N},
	title = {{When Z3 Met Yices}},
	journal = {cs-people.bu.edu
	}
}

@book{SMT,
	title={Handbook of satisfiability},
	author={Biere, Armin and Heule, Marijn and van Maaren, Hans},
	volume={185},
	year={2009},
	publisher={ios press}
}

@techreport{YicesSolver,
	author={Bruno Dutertre and Leonardo De Moura},
	title={The Yices SMT solver},
	institution={},
	year={2006}
}

@article{YicesManual,
	title={Yices 2 Manual},
	author={Dutertre, Bruno},
	journal={Computer Science Laboratory, SRI International, Tech. Rep},
	year={2014}
}

@misc{Z3Guide,
	author={Microsoft Research},
	title={Z3 Guide},
	howpublished={Website},
	year={2015},
	note={\url{http://rise4fun.com/z3/tutorialcontent/guide}}
}